@misc{p13,
  author  = {Poonen, Bjorn},
  title   = {Rational points on varieties},
  journal = {course notes},
  note    = {available at \url{http://www-math.mit.edu/~poonen/papers/Qpoints.pdf}},
  year    = {2013}
}
